@electronic{ns2,
  title         = "Network Simulator---ns (Version 3)",
  url           = "https://www.nsnam.org/",
  key           = "ns"
}